@misc{lecture6,
author = {Risi, Sebastian},
title = {Lecture 6: Neural Networks and Backpropagation},
month = sep,
year = {2014},
howpublished = {Course on Modern AI in Games at IT-University of Copenhagen}
}
@misc{lecture9,
author = {Togelius, Julian},
title = {Lecture 9: Monte Carlo Tree Search},
month = sep,
year = {2014},
howpublished = {Course on Modern AI in Games at IT-University of Copenhagen}
}
@misc{simpsonBT,
author = {Simpson, Chris},
title = {Behaviour trees for AI: How they work},
month = july,
year = {2014},
howpublished = {gamasutra.com article}
}
@misc{competition,
author = {Risi, Sebastian; Chudinov, Viktor},
title = {"The Hunger Game"},
month = sep,
year = {2014},
howpublished = {Course on Modern AI in Games at IT-University of Copenhagen}
}
@article{ross1999,
  title={Neural Networks: an introduction},
  author={Ross, Peter},
  year={1999},
  publisher={AI Applications Institute, University of Edinburgh}
}

@book{Han:2011:DMC:1972541,
 author = {Han, Jiawei and Kamber, Micheline and Pei, Jian},
 title = {Data Mining: Concepts and Techniques},
 year = {2011},
 isbn = {0123814790, 9780123814791},
 edition = {3rd},
 publisher = {Morgan Kaufmann Publishers Inc.},
 address = {San Francisco, CA, USA},
} 
@article{browne2012survey,
  title={A survey of monte carlo tree search methods},
  author={Browne, Cameron B and Powley, Edward and Whitehouse, Daniel and Lucas, Simon M and Cowling, Peter I and Rohlfshagen, Philipp and Tavener, Stephen and Perez, Diego and Samothrakis, Spyridon and Colton, Simon},
  journal={Computational Intelligence and AI in Games, IEEE Transactions on},
  volume={4},
  number={1},
  pages={1--43},
  year={2012},
  publisher={IEEE}
}
@inproceedings{pepels2012enhancements,
  title={Enhancements for monte-carlo tree search in ms pac-man},
  author={Pepels, Tom and Winands, Mark HM},
  booktitle={Computational Intelligence and Games (CIG), 2012 IEEE Conference on},
  pages={265--272},
  year={2012},
  organization={IEEE}
}
@book{eiben2003introduction,
  title={Introduction to evolutionary computing},
  author={Eiben, Agoston E and Smith, James E},
  year={2003},
  publisher={springer}
}